<?xml version="1.0" encoding="UTF-8"?><collection xmlns="http://www.loc.gov/MARC21/slim"><record><leader>00418nam--2200133-i-4500</leader><controlfield tag="001">000029555</controlfield><controlfield tag="002">20161230</controlfield><controlfield tag="005">20170304212444</controlfield><controlfield tag="008">060222s1000------------r-----000-0-eng-d</controlfield><datafield ind1=" " ind2=" " tag="100"><subfield code="a">Pimbley, George</subfield></datafield><datafield ind1=" " ind2=" " tag="245"><subfield code="a">Lecture notes in mathematics. Vol. 104: Eigenfunction branches of nonlinear operator and their bifurcations</subfield></datafield><datafield ind1=" " ind2=" " tag="260"><subfield code="a">Berlin</subfield><subfield code="b">Springer-verlag</subfield><subfield code="c">1969</subfield></datafield><datafield ind1=" " ind2=" " tag="852"><subfield code="a">35924</subfield><subfield code="c">517.5</subfield></datafield><datafield ind1=" " ind2=" " tag="CAT"><subfield code="a">SYS</subfield><subfield code="c">20170304</subfield><subfield code="h">212444</subfield></datafield></record></collection>